@online{JLS8,
  author = {James Gosling and Bill Joy and Guy Steele and Gilad Bracha and Alex Buckley},
  title = {The {Java \textsuperscript{\textregistered} Language Specification}},
  subtitle = {Java SE 8 Edition},
  year = 2015,
  url = {https://docs.oracle.com/javase/specs/jls/se8/jls8.pdf},
  urldate = {2017. 03. 17.}
}
@online{Java8Features,
  title = {{What's new in JDK 8}},
  url = {http://www.oracle.com/technetwork/java/javase/8-whats-new-2157071.html},
  year = 2016,
  urldate = {2017. 03. 17.}
}
@online{Java9Features,
  title = {{What's new in JDK 9}},
  url = {https://docs.oracle.com/javase/9/whatsnew/toc.htm},
  year = 2017,
  urldate = {2017. 03. 17.}
}
@unpublished{ProjectValhalla,
  author = {Brian Goetz},
  title = {{Project Valhalla Update}},
  note = {{JVM Language Summit, Santa Clara}},
  year = 2016,
  urldate = {2017. 03. 18.},
  url = {http://www.oracle.com/technetwork/java/jvmls2016-goetz-3126134.pdf}
}
@online{TIOBEIndex,
  title = {{TIOBE Index for March 2017}},
  url = {https://www.tiobe.com/tiobe-index/},
  year = 2017,
  urldate = {2017. 03. 18.}
}
@online{JSR269,
  title = {{JSR 269: Pluggable Annotation Processing API}},
  url = {https://www.jcp.org/en/jsr/detail?id=269},
  year = 2006,
  urldate = {2017. 03. 18.}
}
